@InProceedings{BBG05,
  author =       {Dan Boneh and Xavier Boyen and Eu-Jin Goh},
  title =        {Hierarchical Identity Based Encryption with Constant Size Ciphertext},
  booktitle =    {Proceedings of Eurocrypt 2005},
  pages =        {},
  year =         2005,
  editor =       {Ronald Cramer},
  series =       {LNCS},
  publisher =    {Springer}
}


@inproceedings{Shamir:1985:ICS:19478.19483,
 author = {Shamir, Adi},
 title = {Identity-based cryptosystems and signature schemes},
 booktitle = {Proceedings of CRYPTO 84 on Advances in cryptology},
 year = {1985},
 isbn = {0-387-15658-5},
 location = {Santa Barbara, California, United States},
 pages = {47--53},
 numpages = {7},
 url = {http://portal.acm.org/citation.cfm?id=19478.19483},
 acmid = {19483},
 publisher = {Springer-Verlag New York, Inc.},
 address = {New York, NY, USA},
} 

@article{Boneh:2003:IEW:639069.639089,
 author = {Boneh, Dan and Franklin, Matthew},
 title = {Identity-Based Encryption from the Weil Pairing},
 journal = {SIAM J. Comput.},
 volume = {32},
 issue = {3},
 month = {March},
 year = {2003},
 issn = {0097-5397},
 pages = {586--615},
 numpages = {30},
 url = {http://portal.acm.org/citation.cfm?id=639069.639089},
 doi = {10.1137/S0097539701398521},
 acmid = {639089},
 publisher = {Society for Industrial and Applied Mathematics},
 address = {Philadelphia, PA, USA},
 keywords = {Tate pairing, Weil pairing, bilinear maps, elliptic curve cryptography, escrow ElGamal, identity-based encryption},
}

@MISC{Horwitz02towardhierarchical,
    author = {Jeremy Horwitz and Ben Lynn},
    title = {Toward Hierarchical Identity-Based Encryption},
    year = {2002}
}

@article{darknet,
	author = {Clarke, Ian and Sandberg, Oskar and Toseland, Matthew and Verendel, Vilhelm},
	title = {Private Communication Through a Network of Trusted Connections: The Dark Freenet}
}
@article{twitter,
  author = {Twitter},
  title = {http://twitter.com}
}

@article{jpbc,
  author = {The Java Pairing Based Cryptography Library (jPBC)},
  title = {http://gas.dia.unisa.it/projects/jpbc/}
}

@article{ae,
  author = {Project anon-encrypt at Google code},
  title = {http://code.google.com/p/anon-encrypt/}
}

@article{freenet,
  author = {Freenet},
  title = {http://freenetproject.org/}
}

@article{gnunet,
  author = {GNUnet},
  title = {https://gnunet.org/}
}

@article{derby,
  author = {Apache Derby},
  title = {http://db.apache.org/derby/}
}

@article{zenity,
  author = {Zenity},
  title = {http://freshmeat.net/projects/zenity}
}
